%% This BibTeX bibliography file was created using BibDesk.
%% http://bibdesk.sourceforge.net/

%% Created for Quenio at 2017-04-03 10:30:38 -0300 


%% Saved with string encoding Unicode (UTF-8) 

@misc{mda,
  author = {OMG},
  institution = {Object Management Group},
  title = {{Model Driven Architecture (MDA) MDA Guide rev. 2.0}},
  year = 2014,
  url = {http://www.omg.org/cgi-bin/doc?ormsc/14-06-01},
  keywords = {mda}
}

@misc{uml,
  author = {OMG},
  institution = {Object Management Group},
  title = {{Unified Modeling Language (UML), Superstructure, Version 2.5}},
  year = 2015,
  url = {http://www.omg.org/spec/UML/2.5},
  keywords = {uml}
}

@misc{ocl,
  author = {OMG},
  institution = {Object Management Group},
  title = {{Object Constraint Language (OCL), Version 2.4}},
  year = 2014,
  url = {http://www.omg.org/spec/OCL/2.4},
  keywords = {ocl}
}

@misc{mof,
  author = {OMG},
  institution = {Object Management Group},
  title = {{Meta Object Facility (MOF) Core Specification, Version 2.5.1}},
  year = 2016,
  url = {http://www.omg.org/spec/MOF/2.5.1},
  keywords = {uml}
}

@phdthesis{voelter,
	Author = {Markus Voelter},
	Group = {SE},
	Isbn = {978-94-6203-586-7},
	Month = {June},
	School = {Delft University of Technology},
	Title = {{Generic Tools, Specific Languages}},
	Tutor = {Prof.Dr. A. van Deursen en Prof.Dr. E. Visser},
	Url = {http://repository.tudelft.nl/view/ir/uuid%3A53c8e1e0-7a4c-43ed-9426-934c0a5a6522},
	Year = {2014},
        keywords = {mps}	
}

@book{wazlawick,
  author = {Wazlawick, Raul Sidnei},
  isbn = {978-0-12-418673-6},
  keywords = {software development analysis design uml oop ocl},
  publisher = {Morgan Kaufmann},
  title = {{Object-Oriented Analysis and Design for Information Systems: Modeling with UML, OCL, and IFML}},
  year = 2014,
  url = {http://www.sciencedirect.com/science/book/9780124186736}
}

@book{clang,
  author = {{ISO}},
  keywords = {C Specification Standard},
  publisher = {International Organization for Standardization},
  remark = {Revises ISO/IEC 9899:1999, ISO/IEC 9899:1999/Cor
                 1:2001, ISO/IEC 9899:1999/Cor 2:2004, and ISO/IEC
                 9899:1999/Cor 3:2007.},
  title = {{ISO/IEC 9899:2011 Information technology --- Programming languages --- C}},
  year = 2011,
  url = {https://www.iso.org/standard/57853.html}
}

@book{pascal,
 author = {Jensen, Kathleen and Wirth, Niklaus},
 title = {{PASCAL User Manual and Report}},
 publisher = {Springer-Verlag New York, Inc.},
 isbn = {3-540-06950-X},
 year = {1974}
} 

@misc{owl2,
 author = {W3C},
  keywords = {Model OWL Ontology},
  title = {{OWL 2 Web Ontology Language. Structural Specification and Functional-Style Syntax (Second Edition)}},
  year = 2012,
  url = {http://www.w3.org/TR/owl2-syntax}
}

@misc{owl2manchester,
 author = {W3C},
  keywords = {ontologies owl2 semantic-web},
  title = {{OWL 2 Web Ontology Language. Manchester Syntax (Second Edition)}},
  year = 2012,
  url = {http://www.w3.org/TR/owl2-manchester-syntax},
}

@incollection{er,
author="Chen, Peter Pin-Shan",
editor="Embley, David W. and Thalheim, Bernhard",
title={{The Entity-Relationship Model (Reprinted Historic Data)}},
bookTitle="Handbook of Conceptual Modeling: Theory, Practice, and Research Challenges",
year="2011",
publisher="Springer Berlin Heidelberg",
address="Berlin, Heidelberg",
pages="57--84",
isbn="978-3-642-15865-0",
doi="10.1007/978-3-642-15865-0_3",
url="http://dx.doi.org/10.1007/978-3-642-15865-0_3"
}

@incollection{gogolla,
author="Gogolla, Martin and Thalheim, Bernhard",
editor="Embley, David W. and Thalheim, Bernhard",
title={{UML and OCL in Conceptual Modeling}},
bookTitle="Handbook of Conceptual Modeling: Theory, Practice, and Research Challenges",
year="2011",
publisher="Springer Berlin Heidelberg",
address="Berlin, Heidelberg",
pages="85--122",
isbn="978-3-642-15865-0",
doi="10.1007/978-3-642-15865-0_4",
url="http://dx.doi.org/10.1007/978-3-642-15865-0_4"
}

@misc{sql,
  title={{IEC 9075-1: 2003 (E) Information technology --- Database languages --- SQL --- Part 1: Framework (SQL/Framework)}},
  author={ISO},
  year={2016},
  url="https://www.iso.org/standard/63555.html"
}

@incollection{cmp,
author="Embley, David W. and Liddle, Stephen W. and Pastor, Oscar",
editor="Embley, David W. and Thalheim, Bernhard",
title={{Conceptual-Model Programming: A Manifesto}},
bookTitle={{Handbook of Conceptual Modeling: Theory, Practice, and Research Challenges}},
year="2011",
publisher="Springer Berlin Heidelberg",
address="Berlin, Heidelberg",
pages="3--16",
isbn="978-3-642-15865-0",
doi="10.1007/978-3-642-15865-0_1",
url="http://dx.doi.org/10.1007/978-3-642-15865-0_1"
}

@incollection{hutn,
author="Rose, Louis M. and Paige, Richard F. and Kolovos, Dimitrios S. and Polack, Fiona A. C.",
editor="Czarnecki, Krzysztof and Ober, Ileana and Bruel, Jean-Michel and Uhl, Axel and V{\"o}lter, Markus",
title={{Constructing Models with the Human-Usable Textual Notation}},
bookTitle={{Model Driven Engineering Languages and Systems: 11th International Conference, MoDELS 2008, Toulouse, France, September 28 - October 3, 2008. Proceedings}},
year="2008",
publisher="Springer Berlin Heidelberg",
address="Berlin, Heidelberg",
pages="249--263",
isbn="978-3-540-87875-9",
doi="10.1007/978-3-540-87875-9_18",
url="http://dx.doi.org/10.1007/978-3-540-87875-9_18"
}

@book{torben,
  author = {Mogensen, Torben Ægidius},
  isbn = {978-0-85729-829-4},
  keywords = {dblp},
  pages = {I-XXI, 1-204},
  publisher = {Springer},
  series = {{Undergraduate Topics in Computer Science}},
  title = {{Introduction to Compiler Design.}},
  year = 2011,
  url = {http://dx.doi.org/10.1007/978-0-85729-829-4}
}

@incollection{st,
 author = {Parr, Terence John},
 title = {{Enforcing Strict Model-view Separation in Template Engines}},
 booktitle = {{Proceedings of the 13th International Conference on World Wide Web}},
 series = {WWW '04},
 year = {2004},
 isbn = {1-58113-844-X},
 location = {New York, NY, USA},
 pages = {224--233},
 numpages = {10},
 url = {http://doi.acm.org/10.1145/988672.988703},
 doi = {10.1145/988672.988703},
 publisher = {ACM},
 address = {New York, NY, USA},
 keywords = {model-view-controller, template engine, web application}
} 

@misc{semver,
 author = {Tom Preston},
  keywords = {semantic versioning},
  title = {{Semantic Versioning 2.0.0}},
  url = {http://semver.org},
}

@incollection{thalheim,
author="Thalheim, Bernhard ",
editor="Embley, David W. and Thalheim, Bernhard",
title={{The Theory of Conceptual Models, the Theory of Conceptual Modelling and Foundations of Conceptual Modelling}},
bookTitle={{Handbook of Conceptual Modeling: Theory, Practice, and Research Challenges}},
year="2011",
publisher="Springer Berlin Heidelberg",
address="Berlin, Heidelberg",
pages="543--577",
isbn="978-3-642-15865-0",
doi="10.1007/978-3-642-15865-0_17",
url="http://dx.doi.org/10.1007/978-3-642-15865-0_17"
}

@incollection{gaffney,
 author = {Gaffney,Jr., J. E. and Cruickshank, R. D.},
 title = {{A General Economics Model of Software Reuse}},
 booktitle = {{Proceedings of the 14th International Conference on Software Engineering}},
 series = {ICSE '92},
 year = {1992},
 isbn = {0-89791-504-6},
 location = {Melbourne, Australia},
 pages = {327--337},
 url = {http://doi.acm.org/10.1145/143062.143150},
 doi = {10.1145/143062.143150},
 publisher = {ACM},
 address = {New York, NY, USA},
}

@inproceedings{torgersen,
 author = {Torgersen, Mads},
 title = {{Querying in C\#: How Language Integrated Query (LINQ) Works}},
 booktitle = {{Companion to the 22Nd ACM SIGPLAN Conference on Object-oriented Programming Systems and Applications Companion}},
 series = {OOPSLA '07},
 year = {2007},
 isbn = {978-1-59593-865-7},
 location = {Montreal, Quebec, Canada},
 pages = {852--853},
 numpages = {2},
 url = {http://doi.acm.org/10.1145/1297846.1297922},
 doi = {10.1145/1297846.1297922},
 publisher = {ACM},
 address = {New York, NY, USA},
 keywords = {impedance mismatch, language-integrated query, query comprehensions, query language, query syntax, strongly typed querying},
} 

@mastersthesis{cardoso,
	Author = {Cardoso, Iuri S{\^o}nego},
	School = {Universidade Federal de Santa Catarina},
	Title = {{Inserindo suporte a declara{\c{c}}{\~a}o de associa{\c{c}}{\~o}es da UML 2 em uma linguagem de programa{\c{c}}{\~a}o orientada a objetos}},
	Tutor = {Wazlawick, Raul Sidnei},
	Url = {http://repositorio.ufsc.br/xmlui/handle/123456789/96031},
	Year = {2011}
}

@misc{cml-repo,
  author = {Quenio Cesar Machado dos Santos},
  title = {{Conceptual Modeling Language - Source Code Repository}},
  year = 2017,
  url = {http://github.com/orgs/cmlang}
}

@misc{cml-spec,
  author = {Quenio Cesar Machado dos Santos},
  title = {{Conceptual Modeling Language - Specification}},
  year = 2017,
  url = {http://github.com/cmlang/cml-specification}
}

@incollection{balzer,
author="Balzer, Stephanie and Gross, Thomas R. and Eugster, Patrick",
editor="Ernst, Erik",
title={{A Relational Model of Object Collaborations and Its Use in Reasoning About Relationships}},
bookTitle={{ECOOP 2007 -- Object-Oriented Programming: 21st European Conference, Berlin, Germany, July 30 - August 3, 2007. Proceedings}},
year="2007",
publisher="Springer Berlin Heidelberg",
address="Berlin, Heidelberg",
pages="323--346",
isbn="978-3-540-73589-2",
doi="10.1007/978-3-540-73589-2_16",
url="http://dx.doi.org/10.1007/978-3-540-73589-2_16"
}

@incollection{bierman,
author="Bierman, Gavin and Wren, Alisdair",
editor="Black, Andrew P.",
title={{First-Class Relationships in an Object-Oriented Language}},
bookTitle={{ECOOP 2005 - Object-Oriented Programming: 19th European Conference, Glasgow, UK, July 25-29, 2005. Proceedings}},
year="2005",
publisher="Springer Berlin Heidelberg",
address="Berlin, Heidelberg",
pages="262--286",
isbn="978-3-540-31725-8",
doi="10.1007/11531142_12",
url="http://dx.doi.org/10.1007/11531142_12"
}

@inproceedings{fibonacci,
  title={An object data model with roles},
  author={Albano, Antonio and Bergamini, Roberto and Ghelli, Giorgio and Orsini, Renzo},
  booktitle={VLDB},
  volume={93},
  pages={39--51},
  year={1993}
}

@incollection{fcml,
author="Karagiannis, Dimitris and Buchmann, Robert Andrei and Burzynski, Patrik and Reimer, Ulrich and Walch, Michael",
editor="Karagiannis, Dimitris
and Mayr, Heinrich C.
and Mylopoulos, John",
title={{Fundamental Conceptual Modeling Languages in OMiLAB}},
bookTitle={{Domain-Specific Conceptual Modeling: Concepts, Methods and Tools}},
year="2016",
publisher="Springer International Publishing",
address="Cham",
pages="3--30",
isbn="978-3-319-39417-6",
doi="10.1007/978-3-319-39417-6_1",
url="http://dx.doi.org/10.1007/978-3-319-39417-6_1"
}

@inproceedings{metaedit,
 author = {Tolvanen, Juha-Pekka},
 title = {{MetaEdit+: Domain-specific Modeling for Full Code Generation Demonstrated [GPCE]}},
 booktitle = {{Companion to the 19th Annual ACM SIGPLAN Conference on Object-oriented Programming Systems, Languages, and Applications}},
 series = {OOPSLA '04},
 year = {2004},
 isbn = {1-58113-833-4},
 location = {Vancouver, BC, CANADA},
 pages = {39--40},
 numpages = {2},
 url = {http://doi.acm.org/10.1145/1028664.1028686},
 doi = {10.1145/1028664.1028686},
 acmid = {1028686},
 publisher = {ACM},
 address = {New York, NY, USA},
 keywords = {code generators, domain-specific modeling, metamodel},
} 
