%% This BibTeX bibliography file was created using BibDesk.
%% http://bibdesk.sourceforge.net/

%% Created for Quenio at 2017-04-03 10:30:38 -0300 


%% Saved with string encoding Unicode (UTF-8) 

@misc{mda,
  author = {OMG},
  institution = {Object Management Group},
  title = {{Model Driven Architecture (MDA) MDA Guide rev. 2.0}},
  year = 2014,
  keywords = {mda}
}

@misc{uml,
  author = {OMG},
  institution = {Object Management Group},
  title = {{Unified Modeling Language (UML), Superstructure, Version 2.5}},
  year = 2015,
  keywords = {uml}
}

@misc{ocl,
  author = {OMG},
  institution = {Object Management Group},
  title = {{Object Constraint Language (OCL), Version 2.4}},
  year = 2014,
  keywords = {ocl}
}

@misc{mof,
  author = {OMG},
  institution = {Object Management Group},
  title = {{Meta Object Facility (MOF) Core Specification, Version 2.5.1}},
  year = 2016,
  keywords = {uml}
}

@phdthesis{voelter,
	Author = {Markus Voelter},
	Group = {SE},
	Isbn = {978-94-6203-586-7},
	Month = {June},
	School = {Delft University of Technology},
	Title = {{Generic Tools, Specific Languages}},
	Tutor = {Prof.Dr. A. van Deursen en Prof.Dr. E. Visser},
	Year = {2014},
        keywords = {mps}	
}

@book{wazlawick,
  author = {Wazlawick, Raul Sidnei},
  isbn = {978-0-12-418673-6},
  keywords = {software development analysis design uml oop ocl},
  publisher = {Morgan Kaufmann},
  title = {{Object-Oriented Analysis and Design for Information Systems: Modeling with UML, OCL, and IFML}},
  year = 2014
}

@book{clang,
  author = {{ISO}},
  keywords = {C Specification Standard},
  publisher = {International Organization for Standardization},
  remark = {Revises ISO/IEC 9899:1999, ISO/IEC 9899:1999/Cor
                 1:2001, ISO/IEC 9899:1999/Cor 2:2004, and ISO/IEC
                 9899:1999/Cor 3:2007.},
  title = {{ISO/IEC 9899:2011 Information technology --- Programming languages --- C}},
  year = 2011
}

@book{pascal,
 author = {Jensen, Kathleen and Wirth, Niklaus},
 title = {{PASCAL User Manual and Report}},
 publisher = {Springer-Verlag New York, Inc.},
 isbn = {3-540-06950-X},
 year = {1974}
} 

@misc{owl2,
 author = {W3C},
  keywords = {Model OWL Ontology},
  title = {{OWL 2 Web Ontology Language. Structural Specification and Functional-Style Syntax (Second Edition)}},
  year = 2012
}

@incollection{er,
author="Chen, Peter Pin-Shan",
editor="Embley, David W. and Thalheim, Bernhard",
title={{The Entity-Relationship Model (Reprinted Historic Data)}},
bookTitle="Handbook of Conceptual Modeling: Theory, Practice, and Research Challenges",
year="2011",
publisher="Springer Berlin Heidelberg",
address="Berlin, Heidelberg",
pages="57--84",
isbn="978-3-642-15865-0"
}

@incollection{gogolla,
author="Gogolla, Martin and Thalheim, Bernhard",
editor="Embley, David W. and Thalheim, Bernhard",
title={{UML and OCL in Conceptual Modeling}},
bookTitle="Handbook of Conceptual Modeling: Theory, Practice, and Research Challenges",
year="2011",
publisher="Springer Berlin Heidelberg",
address="Berlin, Heidelberg",
pages="85--122",
isbn="978-3-642-15865-0"
}

@misc{sql,
  title={{IEC 9075-1: 2003 (E) Information technology --- Database languages --- SQL --- Part 1: Framework (SQL/Framework)}},
  author={ISO},
  year={2016}
}

@incollection{cmp,
author="Embley, David W. and Liddle, Stephen W. and Pastor, Oscar",
editor="Embley, David W. and Thalheim, Bernhard",
title={{Conceptual-Model Programming: A Manifesto}},
bookTitle={{Handbook of Conceptual Modeling: Theory, Practice, and Research Challenges}},
year="2011",
publisher="Springer Berlin Heidelberg",
address="Berlin, Heidelberg",
pages="3--16",
isbn="978-3-642-15865-0"
}

@incollection{hutn,
author="Rose, Louis M. and Paige, Richard F. and Kolovos, Dimitrios S. and Polack, Fiona A. C.",
editor="Czarnecki, Krzysztof and Ober, Ileana and Bruel, Jean-Michel and Uhl, Axel and V{\"o}lter, Markus",
title={{Constructing Models with the Human-Usable Textual Notation}},
bookTitle={{Model Driven Engineering Languages and Systems: 11th International Conference, MoDELS 2008, Toulouse, France, September 28 - October 3, 2008. Proceedings}},
year="2008",
publisher="Springer Berlin Heidelberg",
address="Berlin, Heidelberg",
pages="249--263",
isbn="978-3-540-87875-9"
}

@book{torben,
  author = {Mogensen, Torben Ægidius},
  isbn = {978-0-85729-829-4},
  keywords = {dblp},
  pages = {I-XXI, 1-204},
  publisher = {Springer},
  series = {{Undergraduate Topics in Computer Science}},
  title = {{Introduction to Compiler Design.}},
  year = 2011
}

@incollection{st,
 author = {Parr, Terence John},
 title = {{Enforcing Strict Model-view Separation in Template Engines}},
 booktitle = {{Proceedings of the 13th International Conference on World Wide Web}},
 series = {WWW '04},
 year = {2004},
 isbn = {1-58113-844-X},
 location = {New York, NY, USA},
 pages = {224--233},
 numpages = {10},
 publisher = {ACM},
 address = {New York, NY, USA}
} 

@misc{semver,
 author = {Tom Preston},
  keywords = {semantic versioning},
  title = {{Semantic Versioning 2.0.0}},
  url = {http://semver.org}
}

@incollection{thalheim,
author="Thalheim, Bernhard ",
editor="Embley, David W. and Thalheim, Bernhard",
title={{The Theory of Conceptual Models, the Theory of Conceptual Modelling and Foundations of Conceptual Modelling}},
bookTitle={{Handbook of Conceptual Modeling: Theory, Practice, and Research Challenges}},
year="2011",
publisher="Springer Berlin Heidelberg",
address="Berlin, Heidelberg",
pages="543--577",
isbn="978-3-642-15865-0"
}

@incollection{gaffney,
 author = {Gaffney,Jr., J. E. and Cruickshank, R. D.},
 title = {{A General Economics Model of Software Reuse}},
 booktitle = {{Proceedings of the 14th International Conference on Software Engineering}},
 series = {ICSE '92},
 year = {1992},
 isbn = {0-89791-504-6},
 location = {Melbourne, Australia},
 pages = {327--337},
 publisher = {ACM},
 address = {New York, NY, USA},
}

@inproceedings{torgersen,
 author = {Torgersen, Mads},
 title = {{Querying in C\#: How Language Integrated Query (LINQ) Works}},
 booktitle = {{Companion to the 22Nd ACM SIGPLAN Conference on Object-oriented Programming Systems and Applications Companion}},
 series = {OOPSLA '07},
 year = {2007},
 isbn = {978-1-59593-865-7},
 location = {Montreal, Quebec, Canada},
 pages = {852--853},
 numpages = {2},
 publisher = {ACM},
 address = {New York, NY, USA},
 keywords = {impedance mismatch, language-integrated query, query comprehensions, query language, query syntax, strongly typed querying},
} 

@mastersthesis{cardoso,
	Author = {Cardoso, Iuri S{\^o}nego},
	School = {Universidade Federal de Santa Catarina},
	Title = {{Inserindo suporte a declara{\c{c}}{\~a}o de associa{\c{c}}{\~o}es da UML 2 em uma linguagem de programa{\c{c}}{\~a}o orientada a objetos}},
	Tutor = {Wazlawick, Raul Sidnei},
	Year = {2011}
}

@misc{cml-repo,
  author = {Quenio Cesar Machado dos Santos},
  title = {{Conceptual Modeling Language - Source Code Repository}},
  year = 2017,
  url = {http://github.com/orgs/cmlang}
}

@misc{cml-spec,
  author = {Quenio Cesar Machado dos Santos},
  title = {{Conceptual Modeling Language - Specification}},
  year = 2017,
  url = {http://github.com/cmlang/cml-specification}
}

@incollection{balzer,
author="Balzer, Stephanie and Gross, Thomas R. and Eugster, Patrick",
editor="Ernst, Erik",
title={{A Relational Model of Object Collaborations and Its Use in Reasoning About Relationships}},
bookTitle={{ECOOP 2007 -- Object-Oriented Programming: 21st European Conference, Berlin, Germany, July 30 - August 3, 2007. Proceedings}},
year="2007",
publisher="Springer Berlin Heidelberg",
address="Berlin, Heidelberg",
pages="323--346",
isbn="978-3-540-73589-2"
}

@incollection{bierman,
author="Bierman, Gavin and Wren, Alisdair",
editor="Black, Andrew P.",
title={{First-Class Relationships in an Object-Oriented Language}},
bookTitle={{ECOOP 2005 - Object-Oriented Programming: 19th European Conference, Glasgow, UK, July 25-29, 2005. Proceedings}},
year="2005",
publisher="Springer Berlin Heidelberg",
address="Berlin, Heidelberg",
pages="262--286",
isbn="978-3-540-31725-8"
}

@inproceedings{fibonacci,
  title={An object data model with roles},
  author={Albano, Antonio and Bergamini, Roberto and Ghelli, Giorgio and Orsini, Renzo},
  booktitle={VLDB},
  volume={93},
  pages={39--51},
  year={1993}
}

@incollection{fcml,
author="Karagiannis, Dimitris and Buchmann, Robert Andrei and Burzynski, Patrik and Reimer, Ulrich and Walch, Michael",
editor="Karagiannis, Dimitris
and Mayr, Heinrich C.
and Mylopoulos, John",
title={{Fundamental Conceptual Modeling Languages in OMiLAB}},
bookTitle={{Domain-Specific Conceptual Modeling: Concepts, Methods and Tools}},
year="2016",
publisher="Springer International Publishing",
address="Cham",
pages="3--30",
isbn="978-3-319-39417-6"
}

@inproceedings{metaedit,
 author = {Tolvanen, Juha-Pekka},
 title = {{MetaEdit+: Domain-specific Modeling for Full Code Generation Demonstrated [GPCE]}},
 booktitle = {{Companion to the 19th Annual ACM SIGPLAN Conference on Object-oriented Programming Systems, Languages, and Applications}},
 series = {OOPSLA '04},
 year = {2004},
 isbn = {1-58113-833-4},
 location = {Vancouver, BC, CANADA},
 pages = {39--40},
 numpages = {2},
 acmid = {1028686},
 publisher = {ACM},
 address = {New York, NY, USA}
} 

@article{xpand,
  author    = {Timo Greifenberg and
               Klaus M{\"{u}}ller and
               Alexander Roth and
               Bernhard Rumpe and
               Christoph Schulze and
               Andreas Wortmann},
  title     = {{Modeling Variability in Template-based Code Generators for Product Line Engineering}},
  journal   = {CoRR},
  volume    = {abs/1606.02903},
  year      = {2016}
}

@incollection{egl,
author="Rose, Louis M.
and Paige, Richard F.
and Kolovos, Dimitrios S.
and Polack, Fiona A. C.",
editor="Schieferdecker, Ina
and Hartman, Alan",
title={{The Epsilon Generation Language}},
bookTitle={{Model Driven Architecture -- Foundations and Applications: 4th European Conference, ECMDA-FA 2008, Berlin, Germany, June 9-13, 2008. Proceedings}},
year="2008",
publisher="Springer Berlin Heidelberg",
address="Berlin, Heidelberg",
pages="1--16",
isbn="978-3-540-69100-6"
}

@incollection{mofscript,
author="Oldevik, Jon
and Neple, Tor
and Gr{\o}nmo, Roy
and Aagedal, Jan
and Berre, Arne-J.",
editor="Hartman, Alan
and Kreische, David",
title={{Toward Standardised Model to Text Transformations}},
bookTitle={{Model Driven Architecture -- Foundations and Applications: First European Conference, ECMDA-FA 2005, Nuremberg, Germany, November 7-10, 2005. Proceedings}},
year="2005",
publisher="Springer Berlin Heidelberg",
address="Berlin, Heidelberg",
pages="239--253",
isbn="978-3-540-32093-7"
}

@inproceedings{jet,
  title={Template Programming for Model-Driven Code Generation},
  author={{van Emde Boas, Ghica}},
  booktitle={{19th Annual ACM SIGPLAN Conference on Object-Oriented Programming, Systems, Languages, and Applications, Vancouver, CA}},
  year={2004}
}

@book{xtext,
  title={Implementing domain-specific languages with Xtext and Xtend},
  author={Bettini, Lorenzo},
  year={2016},
  publisher={Packt Publishing Ltd}
}

@incollection{mlang,
author="Bruneli{\`e}re, Hugo
and Cabot, Jordi
and Clasen, Cau{\^e}
and Jouault, Fr{\'e}d{\'e}ric
and B{\'e}zivin, Jean",
editor="K{\"u}hne, Thomas
and Selic, Bran
and Gervais, Marie-Pierre
and Terrier, Fran{\c{c}}ois",
title={{Towards Model Driven Tool Interoperability: Bridging Eclipse and Microsoft Modeling Tools}},
bookTitle={{Modelling Foundations and Applications: 6th European Conference, ECMFA 2010, Paris, France, June 15-18, 2010. Proceedings}},
year="2010",
publisher="Springer Berlin Heidelberg",
address="Berlin, Heidelberg",
pages="32--47",
isbn="978-3-642-13595-8"
}

@incollection{mm-dsl,
author="Visic, Niksa
and Karagiannis, Dimitris",
editor="Buchmann, Robert
and Kifor, Claudiu Vasile
and Yu, Jian",
title={{Developing Conceptual Modeling Tools Using a DSL}},
bookTitle={{Knowledge Science, Engineering and Management: 7th International Conference, KSEM 2014, Sibiu, Romania, October 16-18, 2014. Proceedings}},
year="2014",
publisher="Springer International Publishing",
address="Cham",
pages="162--173",
isbn="978-3-319-12096-6"
}

@inproceedings{xslt, 
author={Y. Gheraibia and A. Bourouis}, 
booktitle={{2012 6th International Conference on Sciences of Electronics, Technologies of Information and Telecommunications (SETIT)}}, 
title={{Ontology and automatic code generation on modeling and simulation}}, 
year={2012}, 
pages={69-73}
}

@incollection{ifml,
author="Brambilla, Marco
and Mauri, Andrea
and Umuhoza, Eric",
editor="Awan, Irfan
and Younas, Muhammad
and Franch, Xavier
and Quer, Carme",
title={{Extending the Interaction Flow Modeling Language (IFML) for Model Driven Development of Mobile Applications Front End}},
bookTitle={{Mobile Web Information Systems: 11th International Conference, MobiWIS 2014, Barcelona, Spain, August 27-29, 2014. Proceedings}},
year="2014",
publisher="Springer International Publishing",
address="Cham",
pages="176--191",
isbn="978-3-319-10359-4"
}

@article{telos,
 author = {Mylopoulos, John and Borgida, Alex and Jarke, Matthias and Koubarakis, Manolis},
 title = {{Telos: Representing Knowledge About Information Systems}},
 journal = {ACM Trans. Inf. Syst.},
 issue_date = {Oct. 1990},
 volume = {8},
 number = {4},
 month = oct,
 year = {1990},
 issn = {1046-8188},
 pages = {325--362},
 numpages = {38},
 acmid = {102676},
 publisher = {ACM},
 address = {New York, NY, USA}
} 

@book{emf,
  title={{EMF: eclipse modeling framework}},
  author={Steinberg, Dave and Budinsky, Frank and Merks, Ed and Paternostro, Marcelo},
  year={2008},
  publisher={Pearson Education}
}


