%% This BibTeX bibliography file was created using BibDesk.
%% http://bibdesk.sourceforge.net/

%% Created for Quenio at 2017-04-03 10:30:38 -0300 


%% Saved with string encoding Unicode (UTF-8) 

@misc{mda,
  author = {OMG},
  institution = {Object Management Group},
  title = {{Model Driven Architecture (MDA) MDA Guide rev. 2.0}},
  year = 2014,
  url = {http://www.omg.org/cgi-bin/doc?ormsc/14-06-01},
  keywords = {mda}
}

@misc{uml,
  author = {OMG},
  institution = {Object Management Group},
  title = {{Unified Modeling Language (UML), Superstructure, Version 2.5}},
  year = 2015,
  url = {http://www.omg.org/spec/UML/2.5},
  keywords = {uml}
}

@misc{ocl,
  author = {OMG},
  institution = {Object Management Group},
  title = {{Object Constraint Language (OCL), Version 2.4}},
  year = 2014,
  url = {http://www.omg.org/spec/OCL/2.4},
  keywords = {ocl}
}

@misc{mof,
  author = {OMG},
  institution = {Object Management Group},
  title = {{Meta Object Facility (MOF) Core Specification, Version 2.5.1}},
  year = 2016,
  url = {http://www.omg.org/spec/MOF/2.5.1},
  keywords = {uml}
}

@phdthesis{voelter,
	Author = {Markus Voelter},
	Group = {SE},
	Isbn = {978-94-6203-586-7},
	Month = {June},
	School = {Delft University of Technology},
	Title = {{Generic Tools, Specific Languages}},
	Tutor = {Prof.Dr. A. van Deursen en Prof.Dr. E. Visser},
	Url = {http://repository.tudelft.nl/view/ir/uuid%3A53c8e1e0-7a4c-43ed-9426-934c0a5a6522},
	Year = {2014},
        keywords = {mps}	
}

@book{wazlawick,
  author = {Wazlawick, Raul Sidnei},
  isbn = {978-0-12-418673-6},
  keywords = {software development analysis design uml oop ocl},
  publisher = {Morgan Kaufmann},
  title = {{Object-Oriented Analysis and Design for Information Systems: Modeling with UML, OCL, and IFML}},
  year = 2014,
  url = {http://www.sciencedirect.com/science/book/9780124186736}
}

