@phdthesis{voelter,
	Author = {Markus Voelter},
	Group = {SE},
	Month = {June},
	School = {Delft University of Technology},
	Title = {Generic Tools, Specific Languages},
	Tutor = {Prof.Dr. A. van Deursen en Prof.Dr. E. Visser},
	Year = {2014}
}

@misc{uml,
  author = {OMG},
  institution = {Object Management Group},
  title = {{Unified Modeling Language (UML), Superstructure, Version 2.5}},
  year = 2015,
  url = {http://www.omg.org/spec/UML/2.5}
}

@misc{ocl,
  author = {OMG},
  institution = {Object Management Group},
  title = {{Object Constraint Language (OCL), Version 2.4}},
  year = 2014,
  url = {http://www.omg.org/spec/OCL/2.4}
}

@incollection{cmp,
author="Embley, David W. and Liddle, Stephen W. and Pastor, Oscar",
editor="Embley, David W. and Thalheim, Bernhard",
title={{Conceptual-Model Programming: A Manifesto}},
bookTitle={{Handbook of Conceptual Modeling: Theory, Practice, and Research Challenges}},
year="2011",
publisher="Springer Berlin Heidelberg"
}

@misc{mda,
  author = {OMG},
  institution = {Object Management Group},
  title = {{Model Driven Architecture (MDA) MDA Guide rev. 2.0}},
  year = 2014,
  url = {http://www.omg.org/cgi-bin/doc?ormsc/14-06-01}
}

@incollection{mlang,
author="Bruneli{\`e}re, Hugo
and Cabot, Jordi
and Clasen, Cau{\^e}
and Jouault, Fr{\'e}d{\'e}ric
and B{\'e}zivin, Jean",
editor="K{\"u}hne, Thomas",
title={{Towards Model Driven Tool Interoperability}},
bookTitle={{ECMFA 6th. Proceedings}},
year="2010",
publisher="Springer"
}

@book{xtext,
  title={Implementing domain-specific languages with Xtext and Xtend},
  author={Bettini, Lorenzo},
  year={2016},
  publisher={Packt Publishing Ltd}
}

@book{emf,
  title={{EMF: eclipse modeling framework}},
  author={Steinberg, Dave and Budinsky, Frank and Merks, Ed and Paternostro, Marcelo},
  year={2008},
  publisher={Pearson Education}
}

@incollection{mm-dsl,
author="Visic, Niksa
and Karagiannis, Dimitris",
editor="Buchmann, Robert",
title={{Developing Conceptual Modeling Tools Using a DSL}},
bookTitle={{KSEM: 7th International Conference. Proceedings}},
year="2014",
publisher="Springer"
}

@inproceedings{thingml,
 author = {Harrand, Nicolas and Fleurey, Franck and Morin, Brice and Husa, Knut Eilif},
 title = {ThingML: A Language and Code Generation Framework for Heterogeneous Targets},
 booktitle = {Proceedings of the ACM/IEEE 19th MODELS},
 year = {2016}
 }

@incollection{st,
 author = {Parr, Terence John},
 title = {{Enforcing Strict Model-view Separation in Template Engines}},
 booktitle = {{Proceedings of the 13th International Conference on World Wide Web}},
 year = {2004},
 location = {New York, NY, USA},
 publisher = {ACM},
 address = {New York, NY, USA}
}
